% This file was created with JabRef 2.6.
% Encoding: Cp1252

@book{de2008investigative,
	title={Investigative journalism},
	author={De Burgh, Hugo},
	year={2008},
	publisher={Routledge}
}

@MISC{Ijnet14,
	AUTHOR = "Margaret Looney",
	TITLE = "Four things investigative journalism is not",
	MONTH = Jan,
	YEAR = 2013,
	NOTE = "\url{www.ijnet.org/en/blog/four-things-investigative-journalism-not}"
}


@MISC{sp1,
	AUTHOR = "Sonne, P. and Coker, M",
	TITLE = "Firms Aided Libyan Spies",
	MONTH = Aug,
	YEAR = 2011,
	NOTE = "\url{ http://online.wsj.com/news/articles/SB10001424053111904199404576538721260166388?mg=reno64-wsj&url=http%3A%2F%2Fonline.wsj.com%2Farticle}"
}


@MISC{wm4,
	AUTHOR = " Margot Williams",
	TITLE = "Beginner’s guide to improving online security",
	MONTH = Mar,
	YEAR = 2014,
	NOTE = "\url{www.icij.org/blog/2014/03/beginners-guide-improving-online-security }"
}

@MISC{pa3,
	AUTHOR = "Mikeperry",
	TITLE = "Usability|Announcing Tor Browser Bundle 3.0alpha1",
	MONTH = Jun,
	YEAR = 2013,
	NOTE = "\url{https://blog.torproject.org/category/tags/usability}"
}

@MISC{sr4,
	AUTHOR = "WhisperSystems/RedPhone",
	TITLE = "Registration failure leaves user stuck (usability issue)",
	MONTH = Jul,
	YEAR = 2014,
	NOTE = "\url{https://github.com/WhisperSystems/RedPhone/issues/183}"
}

@MISC{ti4,
	AUTHOR = "WhisperSystems/TextSecure",
	TITLE = "Improve usability / look of contacts list",
	MONTH = Feb,
	YEAR = 2014,
	NOTE = "\url{ https://github.com/WhisperSystems/TextSecure/issues/741}"
}

@article{kobeissi2013cryptocat,
	title={Cryptocat: Adopting Accessibility and Ease of Use as Security Properties},
	author={Kobeissi, Nadim and Breault, Arlo},
	journal={arXiv preprint arXiv:1306.5156},
	year={2013}
}

@book{si4,
	AUTHOR = "Silkie Carlo, Arjen Kamphuis",
	TITLE = "Information Security for Journalists; Protecting your story, your source and yourself online",
	MONTH = Nov,
	year = "2014",
	NOTE = "\url{http://www.tcij.org/node/1016}"
	
}

@article{furnell2006challenges,
	title={The challenges of understanding and using security: A survey of end-users},
	author={Furnell, Steven M and Jusoh, Adila and Katsabas, Dimitris},
	journal={Computers \& Security},
	volume={25},
	number={1},
	pages={27--35},
	year={2006},
	publisher={Elsevier}
}
@inproceedings{pfitzmann2001anonymity,
	title={Anonymity, unobservability, and pseudonymity—a proposal for terminology},
	author={Pfitzmann, Andreas and K{\"o}hntopp, Marit},
	booktitle={Designing privacy enhancing technologies},
	pages={1--9},
	year={2001},
	organization={Springer}
}

@inproceedings{dingledine2006anonymity,
	title={Anonymity Loves Company: Usability and the Network Effect.},
	author={Dingledine, Roger and Mathewson, Nick},
	booktitle={WEIS},
	year={2006}
}
@inproceedings{whitten1999johnny,
	title={Why Johnny Can't Encrypt: A Usability Evaluation of PGP 5.0.},
	author={Whitten, Alma and Tygar, J Doug},
	booktitle={Usenix Security},
	volume={1999},
	year={1999}
}
@inproceedings{clark2007usability,
	title={Usability of anonymous web browsing: an examination of tor interfaces and deployability},
	author={Clark, Jeremy and Van Oorschot, Paul C and Adams, Carlisle},
	booktitle={Proceedings of the 3rd symposium on Usable privacy and security},
	pages={41--51},
	year={2007},
	organization={ACM}
}
@article{katsabas2005using,
	title={Using Human Computer Interaction principles to promote usable security},
	author={Katsabas, Dimitris and Furnell, Steven and Dowland, Paul},
	year={2005}
}
@inproceedings{brodie2005usable,
	title={Usable security and privacy: a case study of developing privacy management tools},
	author={Brodie, Carolyn and Karat, Clare-Marie and Karat, John and Feng, Jinjuan},
	booktitle={Proceedings of the 2005 symposium on Usable privacy and security},
	pages={35--43},
	year={2005},
	organization={ACM}
}
@article{karat2005usability,
	title={Usability design and evaluation for privacy and security solutions},
	author={Karat, Clare-Marie and Brodie, Carolyn and Karat, John},
	journal={Security and Usability},
	pages={47--74},
	year={2005},
	publisher={O'Reilly Media, Inc}
}

@inproceedings{chiasson2006usability,
	title={A Usability Study and Critique of Two Password Managers.},
	author={Chiasson, Sonia and van Oorschot, Paul C and Biddle, Robert},
	booktitle={Usenix Security},
	volume={6},
	year={2006}
}
@article{reagle1999platform,
	title={The platform for privacy preferences},
	author={Reagle, Joseph and Cranor, Lorrie Faith},
	journal={Communications of the ACM},
	volume={42},
	number={2},
	pages={48--55},
	year={1999},
	publisher={ACM}
}
@inproceedings{wharton1994cognitive,
	title={The cognitive walkthrough method: A practitioner's guide},
	author={Wharton, Cathleen and Rieman, John and Lewis, Clayton and Polson, Peter},
	booktitle={Usability inspection methods},
	pages={105--140},
	year={1994},
	organization={John Wiley \& Sons, Inc.}
}
@book{lazar2010research,
	title={Research methods in human-computer interaction},
	author={Lazar, Jonathan and Feng, Jinjuan Heidi and Hochheiser, Harry},
	year={2010},
	publisher={John Wiley \& Sons}
}
@article{adams2008qualititative,
	title={A qualititative approach to HCI research},
	author={Adams, Anne and Lunt, Peter and Cairns, Paul},
	year={2008},
	publisher={Cambridge University Press}
}


@article{1_holtzblatt_2014,
	author={Holtzblatt, Karen},
	title={Contextual Design},
	journal={The Encyclopedia of Human-Computer Interaction, 2nd Ed.},
	year={2014},
	NOTE =
	"\url{https://www.interaction-design.org/encyclopedia/contextual_design.html}"
},
@article{2_hudson_2014,
	author={Hudson, William},
	title={Card Sorting},
	journal={The Encyclopedia of Human-Computer Interaction, 2nd Ed.},
	year={2014},
	Note =
	"\url{https://www.interaction-design.org/encyclopedia/card_sorting.html}"
}
@misc{4nielsen2014,
	author={NIELSEN, JAKOB},
	title={Why You Only Need to Test with 5 Users},
	year={2014},
	Note=
	"\url{http://www.nngroup.com/articles/why-you-only-need-to-test-with-5-users/}"
	
	
}
@book{de2008investigative,
	title={Investigative journalism},
	author={De Burgh, Hugo},
	year={2008},
	publisher={Routledge}
}
@online{ml3,
	author = {Margaret Looney},
	title = {INVESTIGATIVE REPORTING: Four things investigative journalism is not},
	year = {2013},
	url = {http://ijnet.org/en/blog/four-things-investigative-journalism-not}
}
@book{hunter2011story,
	title={Story-Based Inquiry: A manual for investigative journalists},
	author={Hunter, Mark Lee},
	year={2011},
	publisher={Unesco}
}
@book{mosco2004digital,
	title={The digital sublime: Myth, power, and cyberspace},
	author={Mosco, Vincent},
	year={2004},
	publisher={MIT Press}
}
@book{defleur2013computer,
	title={Computer-assisted investigative reporting: development and methodology},
	author={DeFleur, Margaret H},
	year={2013},
	publisher={Routledge}
}
@article{van2012future,
	title={The future of journalism: Networked journalism},
	author={Van der Haak, Bregtje and Parks, Michael and Castells, Manuel},
	journal={International Journal of Communication},
	volume={6},
	pages={16},
	year={2012}
}
@online{gf9,
	author = {Guillermo Franco},
	title = {The impact of diital technology on journalism and democracy in latin america and the caribbean},
	year = {2009},
	url = {https://knightcenter.utexas.edu/digitaltech_en.pdf}
}
@article{ottosen2012digital,
	title={Digital Challenges on the Norwegian Media Scene},
	author={Ottosen, Rune and Krumsvik, Arne H},
	journal={Nordicom Review},
	volume={33},
	number={2},
	pages={43--55},
	year={2012}
}
@article{kaul2013journalism,
	title={Journalism in the Age of Digital Technology.},
	author={Kaul, Vineet},
	journal={Online Journal of Communication \& Media Technologies},
	volume={3},
	number={1},
	year={2013}
}

@article{knight2001online,
	title={Online investigative journalism},
	author={Knight, Alan},
	journal={Retrieved May},
	volume={25},
	pages={2011},
	year={2001}
}
@article{flew2012promise,
	title={The promise of computational journalism},
	author={Flew, Terry and Spurgeon, Christina and Daniel, Anna and Swift, Adam},
	journal={Journalism Practice},
	volume={6},
	number={2},
	pages={157--171},
	year={2012},
	publisher={Taylor \& Francis}
}
@inproceedings{hamilton2009accountability,
	title={Accountability through algorithm: developing the field of computational journalism},
	author={Hamilton, James T and Turner, Fred},
	booktitle={A Center for Advanced Study in the Behavioral Sciences Summer Workshop. Duke University in association with Stanford University},
	pages={27--31},
	year={2009}
}
@inproceedings{diakopoulos2010diamonds,
	title={Diamonds in the rough: Social media visual analytics for journalistic inquiry},
	author={Diakopoulos, Nicholas and Naaman, Mor and Kivran-Swaine, Funda},
	booktitle={Visual Analytics Science and Technology (VAST), 2010 IEEE Symposium on},
	pages={115--122},
	year={2010},
	organization={IEEE}
}
@article{lewis2013open,
	title={Open source and journalism: toward new frameworks for imagining news innovation},
	author={Lewis, Seth C and Usher, Nikki},
	journal={Media, Culture \& Society},
	volume={35},
	number={5},
	pages={602--619},
	year={2013},
	publisher={SAGE Publications}
}
@book{si4,
	AUTHOR = {Silkie Carlo, Arjen Kamphuis},
	TITLE = {Information Security for Journalists; Protecting your story, your source and yourself online},
	year = {2014},
	NOTE = "\url{http://www.tcij.org/node/1016}"
}
@MISC{wm4,
	AUTHOR = " Margot Williams",
	TITLE = "Beginner’s guide to improving online security",
	MONTH = Mar,
	YEAR = 2014,
	NOTE = "\url{www.icij.org/blog/2014/03/beginners-guide-improving-online-security }"
}
@article{steensen2011online,
	title={Online Journalism and the Promises of New Technology: a critical review and look ahead},
	author={Steensen, Steen},
	journal={Journalism Studies},
	volume={12},
	number={3},
	pages={311--327},
	year={2011},
	publisher={Taylor \& Francis}
}
@book{kawamoto2003digital,
	title={Digital journalism: Emerging media and the changing horizons of journalism},
	author={Kawamoto, Kevin},
	year={2003},
	publisher={Rowman \& Littlefield Publishers}
}
@article{vis2013twitter,
	title={Twitter as a reporting tool for breaking news: Journalists tweeting the 2011 UK riots},
	author={Vis, Farida},
	journal={Digital Journalism},
	volume={1},
	number={1},
	pages={27--47},
	year={2013},
	publisher={Taylor \& Francis}
}
@online{fd4,
	author = {Friedrich Lindenberg},
	title = {Digital Research Tools for Investigative Reporters},
	year = {2014},
	NOTE= "\url{http://pudo.org/projects/invtools/}"
}
@book{lazar2010research,
	title={Research methods in human-computer interaction},
	author={Lazar, Jonathan and Feng, Jinjuan Heidi and Hochheiser, Harry},
	year={2010},
	publisher={John Wiley \& Sons}
}
@article{adams2008qualititative,
	title={A qualititative approach to HCI research},
	author={Adams, Anne and Lunt, Peter and Cairns, Paul},
	year={2008},
	publisher={Cambridge University Press}
}
@book{palacios2009online,
	title={Online Journalism, Research Methods: A Multidisciplinary Approach in Comparative Perspective},
	author={Palacios, Marcos and Noci, Javier D{\'\i}az},
	year={2009},
	publisher={Universidad del Pa{\'\i}s Vasco= Euskal Herriko Unibertsitatea}
}
@book{te3,
	title={The Encyclopedia of Human-Computer Interaction, 2nd Ed.},
	author={Mads Soegaard and Rikke Friis Dam},
	year={2013},
	publisher={The Interaction Design Foundation}
}
@misc{3media2014,
	author={Media.illinois.edu},
	title={Illinois College of Media Public Service Knight Chair},
	year={2014},
	NOTE= "\url{http://www.media.illinois.edu/knight/knight-foundation-support-of-investigative-reporti}"
}
@misc{5oxford2009,
	author={Oxford, Tamsin},
	title={8 technologies to thank the 1980s for},
	journal={TechRadar},
	year={2009},
	NOTE = "\url{http://www.techradar.com/news/world-of-tech/8-technologies-to-thank-the-1980s-for-635764}"

}
@book{weinschenk2011100,
	title={100 things every designer needs to know about people},
	author={Weinschenk, Susan},
	year={2011},
	publisher={Pearson Education}
}
@article{saltzer1975protection,
	title={The protection of information in computer systems},
	author={Saltzer, Jerome H and Schroeder, Michael D},
	journal={Proceedings of the IEEE},
	volume={63},
	number={9},
	pages={1278--1308},
	year={1975},
	publisher={IEEE}
}
@article{johnston2003security,
	title={Security and human computer interfaces},
	author={Johnston, J and Eloff, Jan HP and Labuschagne, Les},
	journal={Computers \& Security},
	volume={22},
	number={8},
	pages={675--684},
	year={2003},
	publisher={Elsevier}
}
@article{sasse2005usable,
	title={Usable Security: Why do we need it? How do we get it?},
	author={Sasse, M Angela and Flechais, Ivan},
	year={2005},
	publisher={O'Reilly}
}
@book{baecker2014readings,
	title={Readings in Human-Computer Interaction: toward the year 2000},
	author={Baecker, Ronald M},
	year={2014},
	publisher={Morgan Kaufmann}
}
@book{ia2p,
	title={Investigative journalists and digital security: Perception of Vulnerability and Changes in Behavior. PewResearchCenter},
	author={Amy M, Jesse H, Kristen P},
	year={2015},
	publisher={PewResearch Center}
}
